
@Article{	  cappe2017,
  author	= {Olivier Cappé and Eric Moulines},
  title		= {Online {EM} Algorithm for Latent Data Models},
  journal	= {Journal of the Royal Statistical Society: Series B
		  (Statistical Methodology)},
  volume	= {71},
  pages		= {593-613},
  year		= {2017}
}

@Book{		  rasmussen2006,
  author	= {Carl E Rasmussen and Christopher K I Williams},
  title		= {Gaussian processes for machine learning},
  publisher	= {MIT Press},
  year		= {2006}
}

@Article{	  williams1997,
  author	= {Christopher K I Williams},
  title		= {Computing with infinite networks},
  journal	= {Proceedings of the 9th International Conference on Neural
		  Information Processing Systems},
  pages		= {295-301},
  year		= {1996}
}

@Book{		  goodfellow2016,
  author	= {Ian Goodfellow and Yoshua Bengio and Aaron Courville},
  title		= {Deep Learning},
  publisher	= {MIT Press},
  year		= {2016}
}

@Article{	  lecun1998,
  author	= {Yann LeCun and Leon Bottou and Yoshua Bengio and Patrick
		  Haffner},
  title		= {Gradient-Based Learning Applied to Document Recognition},
  journal	= {Proceedings of the IEE},
  volume	= {86},
  pages		= {2278-2324},
  year		= {1998}
}

@Book{		  spall2003,
  author	= {James C Spall},
  title		= {Introduction to Stochastic Search and Optimization},
  publisher	= {Wiley},
  year		= {2003}
}

@Article{	  mandt2017,
  author	= {Stephan Mandt and Matthew D Hoffman and David M Blei},
  title		= {Stochastic Gradient Descent as Approximate {B}ayesian
		  Inference},
  journal	= {Journal of Machine Learning Research},
  volume	= {18},
  pages		= {4873–4907},
  year		= {2017}
}

@Book{		  barber2007,
  author	= {David Barber},
  title		= {Bayesian Reasoning and Machine Learning},
  publisher	= {Cambridge University Press},
  year		= {2012}
}

@Article{	  duchi2011,
  author	= {John Duchi and Elad Hazan and Yoram Singer},
  title		= {Adaptive Subgradient Methods for Online Learning and
		  Stochastic Optimization},
  journal	= {Journal of Machine Learning Research},
  volume	= {12},
  pages		= {2121-2159},
  year		= {2011}
}

@Article{	  zeiler2012,
  author	= {Matthew D Zeiler},
  title		= {{ADADELTA}: An Adaptive Learning Rate Method},
  journal	= {arXiv preprint arXiv:1212.5701},
  year		= {2012}
}

@Article{	  pedregosa2012,
  author	= {Fabian Pedregosa and Gaël Varoquaux and Alexandre
		  Gramfort and Vincent Michel and Bertrand Thirion and
		  Olivier Grisel and Mathieu Blondel and Andreas Müller and
		  Joel Nothman and Gilles Louppe and Peter Prettenhofer and
		  Ron Weiss and Vincent Dubourg and Jake Vanderplas and
		  Alexandre Passos and David Cournapeau and Matthieu Brucher
		  and Matthieu Perrot and Édouard Duchesnay},
  title		= {Scikit-learn: Machine Learning in {P}ython},
  journal	= {Journal of Machine Learning Research},
  volume	= {12},
  pages		= {2825--2830},
  year		= {2011}
}

@Book{		  murphy2012,
  author	= {Kevin P Murphy},
  title		= {Machine Learning: A Probabilistic Perspective},
  publisher	= {MIT Press},
  pages		= {231--233},
  year		= {2012}
}

@Article{	  kingma2013,
  author	= {Diederik P Kingma and Max Welling},
  title		= {Auto-Encoding Variational {B}ayes},
  journal	= {arXiv preprint arXiv:1312.6114},
  year		= {2013}
}

@Article{	  kingma2014,
  author	= {Diederik P Kingma and Jimmy Ba},
  title		= {Adam: A Method for Stochastic Optimization},
  journal	= {arXiv preprint arXiv:1412.6980},
  year		= {2014}
}

@Article{	  he2015,
  author	= {Kaiming He and Xiangyu Zhang and Shaoqing Ren and Jian
		  Sun},
  title		= {Deep Residual Learning for Image Recognition},
  journal	= {Proceedings of the IEEE Conference on Computer Vision and
		  Pattern Recognition},
  pages		= {770--778},
  year		= {2016}
}

@Article{	  ruder2016,
  author	= {Sebastian Ruder},
  title		= {An overview of gradient descent optimization algorithms},
  journal	= {arXiv preprint arXiv:1609.04747},
  year		= {2016}
}

@Article{	  li2017,
  author	= {Hao Li and Zheng Xu and Gavin Taylor and Christoph Studer
		  and Tom Goldstein},
  title		= {Visualizing the Loss Landscape of Neural Nets},
  journal	= {Proceedings of Advances in Neural Information Processing
		  Systems},
  volume	= {31},
  year		= {2018}
}

@Article{	  izmailov2018,
  author	= {Pavel Izmailov and Dmitrii Podoprikhin and Timur Garipov
		  and Dmitry Vetrov and Andrew G Wilson},
  title		= {Averaging Weights Leads to Wider Optima and Better
		  Generalization},
  journal	= {Proceedings of the 34th Conference on Uncertainty in
		  Artificial Intelligence},
  volume	= {2},
  pages		= {876--885},
  year		= {2018}
}

@Article{	  garipov2018,
  author	= {Timur Garipov and Pavel Izmailov and Dmitrii Podoprikhin
		  and Dmitry Vetrov and Andrew G Wilson},
  title		= {Loss Surfaces, Mode Connectivity, and Fast Ensembling of
		  DNNs},
  journal	= {Proceedings of Advances in Neural Information Processing
		  Systems},
  volume	= {31},
  year		= {2018}
}

@Article{	  maddox2019,
  author	= {Wesley Maddox and Timur Garipov and Pavel Izmailov and
		  Dmitry Vetrov and Andrew G Wilson},
  title		= {A Simple Baseline for Bayesian Uncertainty in Deep
		  Learning},
  journal	= {Proceedings of Advances in Neural Information Processing
		  Systems},
  volume	= {32},
  year		= {2019}
}

@Article{	  izmailov2019,
  author	= {Pavel Izmailov and Wesley J Maddox and Polina Kirichenko
		  and Timur Garipov and Dmitry Vetrov and Andrew G Wilson},
  title		= {Subspace Inference for {B}ayesian Deep Learning},
  journal	= {Proceedings of the 35th Conference on Uncertainty in
		  Artificial Intelligence},
  volume	= {115},
  pages		= {1169--1179},
  year		= {2019}
}

@Article{	  paszke2019,
  author	= {Adam Paszke and Sam Gross and Francisco Massa and Adam
		  Lerer and James Bradbury and Gregory Chanan and Trevor
		  Killeen and Zeming Lin and Natalia Gimelshein and Luca
		  Antiga and Alban Desmaison and Andreas Köpf and Edward
		  Yang and Zach DeVito and Martin Raison and Alykhan Tejani
		  and Sasank Chilamkurthy and Benoit Steiner and Lu Fang and
		  Junjie Bai and Soumith Chintala},
  title		= {PyTorch: An Imperative Style, High-Performance Deep
		  Learning Library},
  journal	= {Proceedings of Advances in Neural Information Processing
		  Systems},
  volume	= {32},
  pages		= {8024--8035},
  year		= {2019}
}

@Misc{		  dua2019,
  author	= "Dua, Dheeru and Graff, Casey",
  title		= "{UCI} Machine Learning Repository",
  year		= "2017"
}

@Article{	  izmailov2020,
  author	= {Andrew G Wilson and Pavel Izmailov},
  title		= {Bayesian Deep Learning and a Probabilistic Perspective of
		  Generalization},
  journal	= {arXiv preprint arXiv:2002.08791},
  year		= {2020}
}

@Article{	  wilson2020,
  author	= {Andrew G Wilson},
  title		= {The Case for {B}ayesian Deep Learning},
  journal	= {arXiv preprint arXiv:2001.10995},
  year		= {2020}
}

@Article{	  deng2012,
  title		= {The {MNIST} database of handwritten digit images for
		  machine learning research},
  author	= {Li Deng},
  journal	= {IEEE Signal Processing Magazine},
  volume	= {29},
  pages		= {141--142},
  year		= {2012}
}

@Article{	  krizhevsky09,
  author	= {Alex Krizhevsky},
  title		= {Learning multiple layers of features from tiny images},
  journal	= {University of Toronto},
  year		= {2012}
}

@Book{		  petersen2012,
  author	= {Kaare B Petersen and Michael S Pedersen},
  title		= {The Matrix Cookbook},
  publisher	= {Technical University of Denmark},
  year		= {2012}
}
