@article{Cappe2017,
   author = {Olivier Cappé and Eric Moulines},
   title = {Online {EM} Algorithm for Latent Data Models},
   journal = {Journal of the Royal Statistical Society: Series B (Statistical Methodology)},
   volume = {71},
   pages = {593-613},
   year = {2017},
}
@book{Rasmussen2006,
   author = {Carl E Rasmussen and Christopher K I Williams},
   title = {Gaussian processes for machine learning},
   publisher = {MIT Press},
   year = {2006},
}
@article{Williams1997,
   author = {Christopher K I Williams},
   title = {Computing with infinite networks},
   journal = {Proceedings of the 9th International Conference on Neural Information Processing Systems},
   pages = {295-301},
   year = {1996},
}
@book{Goodfellow2016,
    author={Ian Goodfellow and Yoshua Bengio and Aaron Courville},
    title={Deep Learning},
    publisher={MIT Press},
    year={2016}
}
@article{LeCun1998,
   author = {Yann LeCun and Leon Bottou and Yoshua Bengio and Patrick Haffner},
   title = {Gradient-Based Learning Applied to Document Recognition},
   journal = {Proceedings of the IEE},
   volume = {86},
   pages = {2278-2324},
   year = {1998},
}
@book{Spall2003,
   author = {James C Spall},
   title = {Introduction to Stochastic Search and Optimization},
   publisher={Wiley},
   year = {2003},
}
@article{Mandt2017,
   author = {Stephan Mandt and Matthew D Hoffman and David M Blei},
   title = {Stochastic Gradient Descent as Approximate {B}ayesian Inference},
   journal = {Journal of Machine Learning Research},
   volume = {18},
   pages = {4873–4907},
   year = {2017},
}
@book{Barber2007,
   author = {David Barber},
   title = {Bayesian Reasoning and Machine Learning},
   publisher={Cambridge University Press},
   year = {2012},
}
@article{Duchi2011,
   author = {John Duchi and Elad Hazan and Yoram Singer},
   title = {Adaptive Subgradient Methods for Online Learning and Stochastic Optimization},
   journal = {Journal of Machine Learning Research},
   volume = {12},
   pages = {2121-2159},
   year = {2011},
}
@article{Zeiler2012,
   author = {Matthew D Zeiler},
   title = {{ADADELTA}: An Adaptive Learning Rate Method},
   journal = {arXiv preprint arXiv:1212.5701},
   year = {2012},
}
@article{Pedregosa2012,
   author = {Fabian Pedregosa and Gaël Varoquaux and Alexandre Gramfort and Vincent Michel and Bertrand Thirion and Olivier Grisel and Mathieu Blondel and Andreas Müller and Joel Nothman and Gilles Louppe and Peter Prettenhofer and Ron Weiss and Vincent Dubourg and Jake Vanderplas and Alexandre Passos and David Cournapeau and Matthieu Brucher and Matthieu Perrot and Édouard Duchesnay},
   title={Scikit-learn: Machine Learning in {P}ython},
   journal={Journal of Machine Learning Research},
   volume={12},
   pages={2825--2830},
   year={2011},
}
@book{Murphy2012,
   author = {Kevin P Murphy},
   title = {Machine Learning: A Probabilistic Perspective},
   publisher = {MIT Press},
   pages = {231--233},
   year = {2012},
}
@article{Kingma2013,
   author = {Diederik P Kingma and Max Welling},
   title = {Auto-Encoding Variational {B}ayes},
   journal = {arXiv preprint arXiv:1312.6114},
   year = {2013},
}
@article{Kingma2014,
   author = {Diederik P Kingma and Jimmy Ba},
   title = {Adam: A Method for Stochastic Optimization},
   journal = {arXiv preprint arXiv:1412.6980},
   year = {2014},
}
@article{He2015,
   author = {Kaiming He and Xiangyu Zhang and Shaoqing Ren and Jian Sun},
   title = {Deep Residual Learning for Image Recognition},
   journal = {Proceedings of the IEEE Conference on Computer Vision and Pattern Recognition},
   pages={770--778},
   year = {2016},
}
@article{Ruder2016,
   author = {Sebastian Ruder},
   title = {An overview of gradient descent optimization algorithms},
   journal = {arXiv preprint arXiv:1609.04747},
   year = {2016},
}
@article{Li2017,
   author = {Hao Li and Zheng Xu and Gavin Taylor and Christoph Studer and Tom Goldstein},
   title = {Visualizing the Loss Landscape of Neural Nets},
   journal = {Proceedings of Advances in Neural Information Processing Systems},
   volume = {31},
   year = {2018},
}
@article{Izmailov2018,
   author = {Pavel Izmailov and Dmitrii Podoprikhin and Timur Garipov and Dmitry Vetrov and Andrew G Wilson},
   title = {Averaging Weights Leads to Wider Optima and Better Generalization},
   journal = {Proceedings of the 34th Conference on Uncertainty in Artificial Intelligence},
   volume = {2},
   pages={876--885},
   year = {2018},
}
@article{Garipov2018,
   author = {Timur Garipov and Pavel Izmailov and Dmitrii Podoprikhin and Dmitry Vetrov and Andrew G Wilson},
   title = {Loss Surfaces, Mode Connectivity, and Fast Ensembling of DNNs},
   journal = {Proceedings of Advances in Neural Information Processing Systems},
   volume = {31},
   year = {2018},
}
@article{Maddox2019,
   author = {Wesley Maddox and Timur Garipov and Pavel Izmailov and Dmitry Vetrov and Andrew G Wilson},
   title = {A Simple Baseline for Bayesian Uncertainty in Deep Learning},
   journal = {Proceedings of Advances in Neural Information Processing Systems},
   volume = {32},
   year = {2019},
}
@article{Izmailov2019,
   author = {Pavel Izmailov and Wesley J Maddox and Polina Kirichenko and Timur Garipov and Dmitry Vetrov and Andrew G Wilson},
   title = {Subspace Inference for {B}ayesian Deep Learning},
   journal = {Proceedings of the 35th Conference on Uncertainty in Artificial Intelligence},
   volume = {115},
   pages = {1169--1179},
   year = {2019},
}
@article{Paszke2019,
   author = {Adam Paszke and Sam Gross and Francisco Massa and Adam Lerer and James Bradbury and Gregory Chanan and Trevor Killeen and Zeming Lin and Natalia Gimelshein and Luca Antiga and Alban Desmaison and Andreas Köpf and Edward Yang and Zach DeVito and Martin Raison and Alykhan Tejani and Sasank Chilamkurthy and Benoit Steiner and Lu Fang and Junjie Bai and Soumith Chintala},
   title = {PyTorch: An Imperative Style, High-Performance Deep Learning Library},
   journal = {Proceedings of Advances in Neural Information Processing Systems},
   volume = {32},
   pages = {8024--8035},
   year = {2019},
}
@misc{Dua2019,
author = "Dua, Dheeru and Graff, Casey",
title = "{UCI} Machine Learning Repository",
year = "2017",
 }
@article{Izmailov2020,
   author = {Andrew G Wilson and Pavel Izmailov},
   title = {Bayesian Deep Learning and a Probabilistic Perspective of Generalization},
   journal={arXiv preprint arXiv:2002.08791},
   year = {2020},
}
@article{Wilson2020,
   author = {Andrew G Wilson},
   title = {The Case for {B}ayesian Deep Learning},
   journal={arXiv preprint arXiv:2001.10995},
   year = {2020},
}
@article{Deng2012,
  title={The {MNIST} database of handwritten digit images for machine learning research},
  author={Li Deng},
  journal={IEEE Signal Processing Magazine},
  volume={29},
  pages={141--142},
  year={2012},
}
@article{Krizhevsky09,
    author = {Alex Krizhevsky},
    title = {Learning multiple layers of features from tiny images},
    journal = {University of Toronto},
    year = {2012},
}
@book{Petersen2012,
   author = {Kaare B Petersen and Michael S Pedersen},
   title = {The Matrix Cookbook},
   publisher = {Technical University of Denmark},
   year = {2012},
}
@article{Rumelhart1986,
   author={David E Rumelhart and Geoffrey E Hinton and Ronald J Williams},
   title={Learning representations by back-propagating errors},
   journal={Nature},
   volume={323},
   pages={533--536},
   year={1986},
}
@article{Mishkin2018,
   author = {Aaron Mishkin and Frederik Kunstner and Didrik Nielsen and Mark Schmidt and Mohammad E Khan},
   title = {{SLANG}: Fast Structured Covariance Approximations for {B}ayesian Deep Learning with Natural Gradient},
   journal = {Proceedings of Advances in Neural Information Processing Systems},
   volume = {31},
   pages = {6248--6258},
   year = {2018},
}
@article{Tangkaratt2018,
   author = {Mohammad E Khan and Didrik Nielsen and Voot Tangkaratt and Wu Lin and Yarin Gal and Akash Srivastava},
   title = {Fast and scalable {B}ayesian deep learning by weight-perturbation in {A}dam},
   journal = {Proceedings of the International Conference on Machine Learning},
   volume = {35},
   pages = {2611–-2620},
   year = {2018},
}
@article{Goodfellow2015,
   author = {Ian J Goodfellow},
   title = {Efficient per-example gradient computations},
   journal = {arXiv preprint arXiv:1510.01799},
   year = {2015},
}
@article{Hochreiter1997,
   author = {Sepp Hochreiter and Jürgen Schmidhuber},
   title = {Long Short-term Memory},
   journal = {Neural computation},
   volume = {9},
   pages = {1735--1780},
   year = {1997},
}
@article{Vaswani2017,
   author = {Ashish Vaswani and Noam Shazeer and Niki Parmar and Jakob Uszkoreit and Llion Jones and Aidan N Gomez and {\L}ukasz Kaiser and Illia Polosukhin},
   title = {Attention is all you need},
   journal = {Proceedings of Advances in Neural Information Processing Systems},
   volume = {30},
   pages = {5998--6008},
   year = {2017},
}
@article{Kunstner2019,
  author={Kunstner, Frederik and Hennig, Philipp and Balles, Lukas},
  title={Limitations of the empirical fisher approximation for natural gradient descent},
  journal={Proceedings of Advances in Neural Information Processing Systems},
  volume={32},
  pages = {4158--4169},
  year={2019}
}
